<record><leader>00000cas a2200000 a 4500</leader><controlfield tag="001">11513949</controlfield><controlfield tag="008">841220d1874189ucauwr ne      0    0eng c</controlfield><datafield ind1=" " ind2=" " tag="010"><subfield code="a">sn 84038788 </subfield></datafield><datafield ind1=" " ind2=" " tag="040"><subfield code="a">NPX</subfield><subfield code="b">eng</subfield><subfield code="c">NPX</subfield><subfield code="d">ANU</subfield><subfield code="d">CNK</subfield><subfield code="d">NVF</subfield><subfield code="d">OCLCQ</subfield><subfield code="d">CNK</subfield><subfield code="d">OCLCQ</subfield><subfield code="d">OCLCF</subfield><subfield code="d">OCLCO</subfield></datafield><datafield ind1="1" ind2=" " tag="029"><subfield code="a">AU@</subfield><subfield code="b">000020620911</subfield></datafield><datafield ind1=" " ind2=" " tag="042"><subfield code="a">pcc</subfield></datafield><datafield ind1=" " ind2=" " tag="043"><subfield code="a">n-us-ca</subfield></datafield><datafield ind1="0" ind2=" " tag="130"><subfield code="a">Foot-hill weekly tidings (Grass Valley, Calif. : 1874)</subfield></datafield><datafield ind1="1" ind2="0" tag="245"><subfield code="a">Foot-hill weekly tidings.</subfield></datafield><datafield ind1=" " ind2=" " tag="260"><subfield code="a">Grass Valley, Calif. :</subfield><subfield code="b">S.G. Lewis</subfield></datafield><datafield ind1=" " ind2=" " tag="300"><subfield code="a">v.</subfield></datafield><datafield ind1=" " ind2=" " tag="310"><subfield code="a">Weekly</subfield></datafield><datafield ind1="0" ind2=" " tag="362"><subfield code="a">Vol. 1, no. 1 (Jan. 10, 1874)-</subfield></datafield><datafield ind1=" " ind2=" " tag="530"><subfield code="a">Master negatives are available for duplication from:</subfield><subfield code="b">California Newspaper Microfilm Archive;</subfield><subfield code="c">for further information consult the CNMA at:</subfield><subfield code="u">http://cbsr.ucr.edu</subfield></datafield><datafield ind1=" " ind2="0" tag="651"><subfield code="a">Nevada County (Calif.)</subfield><subfield code="v">Newspapers.</subfield></datafield><datafield ind1=" " ind2="7" tag="655"><subfield code="a">Newspapers.</subfield><subfield code="2">fast</subfield><subfield code="0">(OCoLC)fst01423814</subfield></datafield><datafield ind1=" " ind2="7" tag="651"><subfield code="a">California</subfield><subfield code="z">Nevada County.</subfield><subfield code="2">fast</subfield><subfield code="0">(OCoLC)fst01206058</subfield></datafield><datafield ind1=" " ind2=" " tag="752"><subfield code="a">United States</subfield><subfield code="b">California</subfield><subfield code="c">Nevada</subfield><subfield code="d">Grass Valley.</subfield></datafield><datafield ind1="0" ind2=" " tag="775"><subfield code="t">Daily tidings</subfield><subfield code="w">(DLC)sn 92068406</subfield></datafield><datafield ind1="0" ind2="0" tag="785"><subfield code="t">Weekly telegraph (Grass Valley, Calif.)</subfield><subfield code="w">(DLC)sn 93053279</subfield></datafield></record>